<record><leader>00000cas a22000007a 4500</leader><controlfield tag="001">25029621</controlfield><controlfield tag="008">911230d18851891couwr ne      0    0eng d</controlfield><datafield ind1=" " ind2=" " tag="010"><subfield code="a">sn 91052663 </subfield></datafield><datafield ind1=" " ind2=" " tag="040"><subfield code="a">CNQ</subfield><subfield code="b">eng</subfield><subfield code="c">CNQ</subfield><subfield code="d">OCLCQ</subfield></datafield><datafield ind1=" " ind2=" " tag="042"><subfield code="a">msc</subfield></datafield><datafield ind1="0" ind2="4" tag="245"><subfield code="a">The Glenwood echo.</subfield></datafield><datafield ind1=" " ind2=" " tag="260"><subfield code="a">Glenwood Springs, Garfield County, Colo. :</subfield><subfield code="b">Glenwood Echo Print. Co.</subfield></datafield><datafield ind1=" " ind2=" " tag="300"><subfield code="a">v.</subfield></datafield><datafield ind1=" " ind2=" " tag="310"><subfield code="a">Weekly</subfield></datafield><datafield ind1="1" ind2=" " tag="362"><subfield code="a">Began in 1885; ceased in 1891.</subfield></datafield><datafield ind1=" " ind2=" " tag="588"><subfield code="a">Description based on: Vol. 1, no. 18 (Sept. 4, 1885).</subfield></datafield><datafield ind1=" " ind2=" " tag="752"><subfield code="a">United States</subfield><subfield code="b">Colorado</subfield><subfield code="c">Garfield</subfield><subfield code="d">Glenwood Springs.</subfield></datafield><datafield ind1="0" ind2="7" tag="785"><subfield code="t">Avalanche (Carbondale, Colo. : 1888)</subfield><subfield code="w">(DLC)sn 90051371</subfield></datafield><datafield ind1="0" ind2="7" tag="785"><subfield code="t">Avalanche and Glenwood echo</subfield><subfield code="w">(DLC)sn 90051370</subfield></datafield></record>